@BOOK{ pbrt2,
    AUTHOR    = {Matt Phar and Greg Humphreys}, 
    TITLE     = {Physically Based Rendering: From Theory To Implementation},
    PUBLISHER = {Morgan Kaufmann},
    YEAR      = {2010},
    Edition   = {Second },
}

@phdthesis{Veach1997,
    author = {Veach, Eric},
    title = {Robust Monte Carlo Methods for Light Transport Simulation},
    year = {1997},
    school = {Stanford University},
} 

@PhdThesis{Jakob2013,
    title = "Light Transport on Path-Space Manifolds",
    author = "Wenzel Jakob",
    school = "Cornell University",
    year = "2013"
}

@inproceedings{Krivanek2013,
 author = {Jaroslav K{\v{r}}iv{\'a}nek and Iliyan Georgiev and Anton Kaplanyan and Juan Canada},
 title = {Recent Advances in Light Transport Simulation: Theory and Practice},
 booktitle = {ACM SIGGRAPH Courses},
 year = {2013},
} 

